@online{express,
    title = "Node.js web application framework",
    url  = "http://expressjs.com/",
    keywords = "node,javascript"
}

@online{webhook,
    title = "Webhooks — Shopify Help Center",
    url  = "https://help.shopify.com/en/api/reference/events/webhook",
    year = "2019",
    keywords = "webhooks"
}

@online{storefront,
    title = "Storefront API",
    url  = "https://help.shopify.com/en/api/storefront-api",
    year = "2019",
    keywords = "shopify, api"
}

@online{transactions,
    author = "Firebase",
    title = "Transacciones y escrituras en lotes",
    url  = "https://firebase.google.com/docs/firestore/manage-data/transactions",
    year = "2019",
    keywords = "firebase"
}
 
@online{azat,
    author = "Azat Mardan",
    title = "Express.js Guide: The Comprehensive Book on Express.js",
    url  = "https://pepa.holla.cz/wp-content/uploads/2016/08/Express.js-Guide.pdf",
    year = "2014",
    keywords = "node,express"
}

@online{kelleher,
    author = "Fionn Kelleher",
    title = "Understanding Socket.IO",
    url  = "https://nodesource.com/blog/understanding-socketio/",
    year = "2014",
    keywords = "web sockets, ajax"
}

@online{srinivasan,
    author = "Srinivasan Subramanian",
    title = "Why MERN?",
    url  = "https://www.apress.com/gp/blog/all-blog-posts/why-mern/12056000",
    year = "2017",
    keywords = "mern, mongodb, react, node"
}

@online{goalkicker-node,
    author = "GoalKicker",
    title = "Node.js - Notes for Professionals",
    url  = "https://goalkicker.com/NodeJSBook/",
    keywords = "node"
}

@online{ethan,
    author = "Ethan Brown",
    title = "Web Development with Node and Express",
    url  = "http://www.vanmeegern.de/fileadmin/user_upload/PDF/Web_Development_with_Node_Express.pdf",
    year = "2014",
    keywords = "node",
    publisher = "O’Reilly"
}

@online{stefanov,
    author = "Stoyan Stefanov",
    title = "React: Up and Running",
    url  = "http://www.phpied.com/files/react/book/reactbook1-4.pdf",
    year = "2016",
    keywords = "react, facebook"
}

@online{frost,
    author = "Brad Frost",
    title = "Atomic Design",
    url  = "http://www.softouch.on.ca/kb/data/Atomic%20Design.pdf",
    year = "2016",
    keywords = "atomic design"
}

@book{mukhiya,
    author = "Mukhiya, Suresh and Wei, Tao and Lee, James",
    year = "2019",
    month = "02",
    pages = "",
    title = "Redux Quick Start Guide",
}